%% This BibTeX bibliography file was created using BibDesk.
%% http://bibdesk.sourceforge.net/

%% Created for Song Yu at 2018-10-06 01:38:59 -0400 


%% Saved with string encoding Unicode (UTF-8) 



@book{W,
	Author = {Martin J. Wainwright},
	Date-Added = {2018-10-06 05:35:12 +0000},
	Date-Modified = {2018-10-06 05:38:16 +0000},
	Publisher = {Cambridge University Press},
	Series = {Cambridge Series in Statistical and Probabilistic Mathematics},
	Title = {High-Dimensional Statistics: A Non-Asymptotic Viewpoint},
	Year = {2019}}
