@article{RussoRoy,
 author = {Russo, Daniel and Van Roy, Benjamin},
 title = {An Information-theoretic Analysis of Thompson Sampling},
 journal = {J. Mach. Learn. Res.},
 issue_date = {January 2016},
 volume = {17},
 number = {1},
 month = jan,
 year = {2016},
 issn = {1532-4435},
 pages = {2442--2471},
 numpages = {30},
 url = {http://www.jmlr.org/papers/volume17/14-087/14-087.pdf},
 acmid = {3007021},
 publisher = {JMLR.org},
 keywords = {Thompson sampling, information theory, mutli-armed bandit, online optimization, regret bounds},
}
