@article{valiant1984theory,
  title={A theory of the learnable},
  author={Valiant, Leslie G},
  journal={Communications of the ACM (CACM)},
  volume={27},
  number={11},
  pages={1134--1142},
  year={1984},
  publisher={ACM}
}

@inproceedings{ge2016matrix,
  title={Matrix completion has no spurious local minimum},
  author={Ge, Rong and Lee, Jason D and Ma, Tengyu},
  booktitle={Advances in Neural Information Processing Systems (NIPS)},
  pages={2973--2981},
  year={2016}
}

@article{mei2018landscape,
  title={The landscape of empirical risk for nonconvex losses},
  author={Mei, Song and Bai, Yu and Montanari, Andrea},
  journal={The Annals of Statistics},
  volume={46},
  number={6A},
  pages={2747--2774},
  year={2018},
  publisher={Institute of Mathematical Statistics}
}