@ARTICLE{Wei2018,
author = {{Wei}, C. and {Lee}, J.~D. and {Liu}, Q. and {Ma}, T.},
title = "{On the Margin Theory of Feedforward Neural Networks}",
journal = {ArXiv e-prints},
archivePrefix = "arXiv",
eprint = {1810.05369},
primaryClass = "stat.ML",
keywords = {Statistics - Machine Learning, Computer Science - Machine Learning},
year = 2018,
month = oct
}