@inproceedings{neyshabur2017exploring,
  title={Exploring generalization in deep learning},
  author={{Neyshabur}, Behnam and {Bhojanapalli}, Srinadh and {McAllester}, David and {Srebro}, Nati},
  booktitle={Advances in Neural Information Processing Systems},
  pages={5947--5956},
  year={2017}
}

@ARTICLE{2018arXiv181005369W,
   author = {{Wei}, C. and {Lee}, J.~D. and {Liu}, Q. and {Ma}, T.},
    title = "{On the Margin Theory of Feedforward Neural Networks}",
  journal = {ArXiv e-prints},
archivePrefix = "arXiv",
   eprint = {1810.05369},
 primaryClass = "stat.ML",
 keywords = {Statistics - Machine Learning, Computer Science - Machine Learning},
     year = 2018,
    month = oct,
   adsurl = {http://adsabs.harvard.edu/abs/2018arXiv181005369W},
  adsnote = {Provided by the SAO/NASA Astrophysics Data System.}
}

@article{bartlett2002rademacher,
  title={Rademacher and Gaussian complexities: Risk bounds and structural results},
  author={Bartlett, Peter L and Mendelson, Shahar},
  journal={Journal of Machine Learning Research},
  volume={3},
  number={Nov},
  pages={463--482},
  year={2002}
}