% references

@book{BoV:04,
 author = {S. Boyd and L. Vandenberghe},
 title = {Convex Optimization},
 publisher = {Cambridge University Press},
 year = 2004
}