@article{wei2018margin,
  title={On the Margin Theory of Feedforward Neural Networks},
  author={Wei, Colin and Lee, Jason D and Liu, Qiang and Ma, Tengyu},
  journal={arXiv preprint arXiv:1810.05369},
  year={2018}
}